@article{celegansLight, title={Light-sensitive neurons and channels mediate phototaxis in C. elegans}, volume={11}, ISSN={1097-6256}, url={http://dx.doi.org/10.1038/nn.2155}, DOI={10.1038/nn.2155}, number={8}, journal={Nature Neuroscience}, publisher={Springer Nature}, author={Ward, Alex and Liu, Jie and Feng, Zhaoyang and Xu, X Z Shawn}, year={2008}, month={Jul}, pages={916–922}}


@article{SWC, title={Automated Three-Dimensional Detection and Shape Classification of Dendritic Spines from Fluorescence Microscopy Images}, volume={3}, ISSN={1932-6203}, url={http://dx.doi.org/10.1371/journal.pone.0001997}, DOI={10.1371/journal.pone.0001997}, number={4}, journal={PLoS ONE}, publisher={Public Library of Science (PLoS)}, author={Rodriguez, Alfredo and Ehlenberger, Douglas B. and Dickstein, Dara L. and Hof, Patrick R. and Wearne, Susan L.}, editor={Sabatini, BernadoEditor}, year={2008}, month={Apr}, pages={e1997}}


@article{LIAF, title={Neuronal Spike Timing Adaptation Described with a Fractional Leaky Integrate-and-Fire Model}, volume={10}, ISSN={1553-7358}, url={http://dx.doi.org/10.1371/journal.pcbi.1003526}, DOI={10.1371/journal.pcbi.1003526}, number={3}, journal={PLoS Computational Biology}, publisher={Public Library of Science (PLoS)}, author={Teka, Wondimu and Marinov, Toma M. and Santamaria, Fidel}, editor={Gutkin, Boris S.Editor}, year={2014}, month={Mar}, pages={e1003526}}



@article{synweight, title={The Influence of Synaptic Weight Distribution on Neuronal Population Dynamics}, volume={9}, ISSN={1553-7358}, url={http://dx.doi.org/10.1371/journal.pcbi.1003248}, DOI={10.1371/journal.pcbi.1003248}, number={10}, journal={PLoS Computational Biology}, publisher={Public Library of Science (PLoS)}, author={Iyer, Ramakrishnan and Menon, Vilas and Buice, Michael and Koch, Christof and Mihalas, Stefan}, editor={Sporns, OlafEditor}, year={2013}, month={Oct}, pages={e1003248}}

@article{DIPDE, title={Inferring cortical function in the mouse visual system through large-scale systems neuroscience}, volume={113}, ISSN={1091-6490}, url={http://dx.doi.org/10.1073/pnas.1512901113}, DOI={10.1073/pnas.1512901113}, number={27}, journal={Proceedings of the National Academy of Sciences}, publisher={Proceedings of the National Academy of Sciences}, author={Hawrylycz, Michael and Anastassiou, Costas and Arkhipov, Anton and Berg, Jim and Buice, Michael and Cain, Nicholas and Gouwens, Nathan W. and Gratiy, Sergey and Iyer, Ramakrishnan and Lee, Jung Hoon and et al.}, year={2016}, month={Jul}, pages={7337–7344}}

@article{cableTheory, title={The Electrical Constants of a Crustacean Nerve Fibre}, volume={133}, ISSN={1471-2954}, url={http://dx.doi.org/10.1098/rspb.1946.0024}, DOI={10.1098/rspb.1946.0024}, number={873}, journal={Proceedings of the Royal Society B: Biological Sciences}, publisher={The Royal Society}, author={Hodgkin, A. L. and Rushton, W. A. H.}, year={1946}, month={Dec}, pages={444–479}}

@conference {ROS,
title = {ROS: an open-source Robot Operating System},
booktitle = {ICRA Workshop on Open Source Software},
year = {2009},
author = {Morgan Quigley and Ken Conley and Brian P. Gerkey and Josh Faust and Tully Foote and Jeremy Leibs and Rob Wheeler and Andrew Y. Ng}
}
